@Book { volume-1,
  title = "Algebraic General Topology. Volume 1",
  author = "Victor Porton",
  year = "2014",
  url = "https://math.portonvictor.org/algebraic-general-topology-and-math-synthesis/",
  howpublished = "At \url{https://math.portonvictor.org/algebraic-general-topology-and-math-synthesis/}",
}

@Misc { gpt-preserve-dim,
  title = "A ChatGPT Reply",
  author = "ChatGPT",
  year = "2025",
  url = "https://chatgpt.com/share/67c0d383-7c4c-8001-bb4c-5423f324d376",
  howpublished = "At \url{https://chatgpt.com/share/67c0d383-7c4c-8001-bb4c-5423f324d376}",
}

@misc{ polar-jacobian,
  author = "{Wikipedia contributors}",
  title = "N-sphere --- {Wikipedia}{,} The Free Encyclopedia",
  year = "2025",
  howpublished = "\url{https://en.wikipedia.org/w/index.php?title=N-sphere&oldid=1278342375}",
  note = "[Online; accessed 8-March-2025]"
}

@MISC {189275,
    TITLE = {Hausdorff dimension of R x X},
    AUTHOR = {Samuel Lelièvre (\url{https://mathoverflow.net/users/38711/samuel-lelièvre})},
    HOWPUBLISHED = {MathOverflow},
    NOTE = {URL:\url{https://mathoverflow.net/q/189275} (version: 2016-06-07)},
    EPRINT = {https://mathoverflow.net/q/189275},
    URL = {https://mathoverflow.net/q/189275}
}